% PACKAGES
@inproceedings{chen2016xgboost,
	title={XGBoost: A Scalable Tree Boosting System},
	author={Chen, Tianqi and Guestrin, Carlos},
	booktitle={Proceedings of the 22nd acm sigkdd international conference on knowledge discovery and data mining},
	pages={785--794},
	year={2016}
}
@inproceedings{ke2017lightgbm,
	title={LightGBM: A Highly Efficient Gradient Boosting Decision Tree},
	author={Ke, Guolin and Meng, Qi and Finley, Thomas and Wang, Taifeng and Chen, Wei and Ma, Weidong and Ye, Qiwei and Liu, Tie-Yan},
	booktitle={Advances in Neural Information Processing Systems},
	pages={3146--3154},
	year={2017}
}
@article{dorogush2018catboost,
	title={CatBoost: Gradient Boosting with Categorical Features Support},
	author={Dorogush, Anna Veronika and Ershov, Vasily and Gulin, Andrey},
	journal={arXiv preprint arXiv:1810.11363},
	year={2018}
}
@article{duan2019ngboost,
	title={NGBoost: Natural Gradient Boosting for Probabilistic Prediction},
	author={Duan, Tony and Avati, Anand and Ding, Daisy Yi and Basu, Sanjay and Ng, Andrew Y and Schuler, Alejandro},
	journal={arXiv preprint arXiv:1910.03225},
	year={2019}
}
@Article{rcpp2011R,
	title = {{Rcpp}: Seamless {R} and {C++} Integration},
	author = {Dirk Eddelbuettel and Romain Fran\c{c}ois},
	journal = {Journal of Statistical Software},
	year = {2011},
	volume = {40},
	number = {8},
	pages = {1--18},
	url = {http://www.jstatsoft.org/v40/i08/},
	doi = {10.18637/jss.v040.i08},
}
@MISC{eigenweb,
	author = {Ga\"{e}l Guennebaud and Beno\^{i}t Jacob and others},
	title = {Eigen v3},
	howpublished = {http://eigen.tuxfamily.org},
	year = {2010}
}
@Manual{Rlanguage2018,
	title = {R: A Language and Environment for Statistical Computing},
	author = {{R Core Team}},
	organization = {R Foundation for Statistical Computing},
	address = {Vienna, Austria},
	year = {2018},
	url = {https://www.R-project.org/},
}
@article{dagum1998openmp,
	title={OpenMP: An Industry Standard API for Shared-Memory Programming},
	author={Dagum, Leonardo and Menon, Ramesh},
	journal={IEEE Computational Science and Engineering},
	volume={5},
	number={1},
	pages={46--55},
	year={1998},
	publisher={IEEE}
}

% MODEL SELECTION
@article{stone1974cross,
	title={Cross-Validatory Choice and Assessment of Statistical Predictions},
	author={Stone, Mervyn},
	journal={Journal of the Royal Statistical Society. Series B (Methodological)},
	pages={111--147},
	year={1974},
	publisher={JSTOR}
}
@article{akaike1974new,
	title={A New Look at the Statistical Model Identification},
	author={Akaike, Hirotugu},
	journal={IEEE Transactions on Automatic Control},
	volume={19},
	number={6},
	pages={716--723},
	year={1974},
	publisher={Ieee}
}
@article{takeuchi1976distribution,
	title={Distribution of Information Statistics and Validity Criteria of Models},
	author={Takeuchi, Kei},
	journal={Mathematical Science},
	volume={153},
	pages={12--18},
	year={1976}
}
@article{murata1994network,
	title={Network Information Criterion-Determining the Number of Hidden Units for an Artificial Neural Network Model},
	author={Murata, Noboru and Yoshizawa, Shuji and Amari, Shun-ichi},
	journal={IEEE Transactions on Neural Networks},
	volume={5},
	number={6},
	pages={865--872},
	year={1994},
	publisher={IEEE}
}
@book{burnham2003model,
	title={Model Selection and Multimodel Inference: A Practical Information-Theoretic Approach},
	author={Burnham, Kenneth P and Anderson, David R},
	year={2003},
	publisher={Springer Science \& Business Media}
}


% BOOSTING THEORY EARLY
@article{friedman2001greedy,
	title={Greedy Function Approximation: a Gradient Boosting Machine},
	author={Friedman, Jerome H},
	journal={Annals of Statistics},
	pages={1189--1232},
	year={2001},
	publisher={JSTOR}
}
@article{friedman2002stochastic,
	title={Stochastic Gradient Boosting},
	author={Friedman, Jerome H},
	journal={Computational Statistics \& Data Analysis},
	volume={38},
	number={4},
	pages={367--378},
	year={2002},
	publisher={Elsevier}
}
@article{friedman2000additive,
	title={Additive Logistic Regression: A Statistical View of Boosting (With Discussion and a Rejoinder by the Authors)},
	author={Friedman, Jerome and Hastie, Trevor and Tibshirani, Robert and others},
	journal={The Annals of Statistics},
	volume={28},
	number={2},
	pages={337--407},
	year={2000},
	publisher={Institute of Mathematical Statistics}
}
@inproceedings{mason2000boosting,
	title={Boosting Algorithms as Gradient Descent},
	author={Mason, Llew and Baxter, Jonathan and Bartlett, Peter L and Frean, Marcus R},
	booktitle={Advances in Neural Information Processing Systems},
	pages={512--518},
	year={2000}
}
@article{mason1999boosting,
	title={Boosting Algorithms as Gradient Descent in Function Space (Technical Report)},
	author={Mason, L and Baxter, J and Bartlett, P and Frean, M},
	journal={RSISE, Australian National University},
	year={1999}
}
@techreport{breiman1997arcing,
	title={Arcing the Edge},
	author={Breiman, Leo},
	year={1997},
	institution={Technical Report 486, Statistics Department, University of California at Berkeley}
}


% DATASETS


% STATLEARN THEORY
@book{friedman2001elements,
	title={The Elements of Statistical Learning},
	author={Hastie, Trevor and Tibshirani, Robert and Friedman, Jerome},
	year={2001},
	publisher={Springer Series in Statistics New York, NY, USA:}
}
@book{breiman1984classification,
	title={Classification and Regression Trees},
	author={Breiman, Leo and Friedman, Jerome and Stone, Charles J and Olshen, Richard A},
	year={1984},
	publisher={CRC Press}
}


% STOCHASTIC PROCESSES
@article{cox1985theory,
	title={A Theory of the Term Structure of Interest Rates},
	author={Cox, John C and Ingersoll, Jonathan E and Ross, Stephen A},
	journal={Econometrica},
	volume={53},
	number={2},
	pages={385--407},
	year={1985},
	publisher={World Scientific}
}
@article{gombay1990asymptotic,
	title={Asymptotic Distributions of Maximum Likelihood Tests for Change in the Mean},
	author={Gombay, Edit and Horvath, Lajos},
	journal={Biometrika},
	volume={77},
	number={2},
	pages={411--414},
	year={1990},
	publisher={Oxford University Press}
}



% EXMPLES

@Book{Cameron+Trivedi:2013,
	author = {A. Colin Cameron and Pravin K. Trivedi},
	title = {Regression Analysis of Count Data},
	year = {2013},
	edition = {2nd},
	publisher = {Cambridge University Press},
	address = {Cambridge},
}

@Book{Chambers+Hastie:1992,
	editor = {John M. Chambers and Trevor J. Hastie},
	title = {Statistical Models in \proglang{S}},
	publisher = {Chapman \& Hall},
	year = {1992},
	address = {London},
}

@Manual{Jackman:2015,
	title = {\pkg{pscl}: Classes and Methods for \proglang{R} Developed in the Political Science Computational Laboratory, Stanford University},
	author = {Simon Jackman},
	year = {2015},
	note = {\proglang{R} package version 1.4.9},
	url = {https://CRAN.R-project.org/package=pscl},
}

@Article{Mullahy:1986,
	author = {John Mullahy},
	title = {Specification and Testing of Some Modified Count Data Models},
	year = {1986},
	journal = {Journal of Econometrics},
	volume = {33},
	number = {3},
	pages = {341--365},
	doi = {10.1016/0304-4076(86)90002-3},
}

@Book{McCullagh+Nelder:1989,
	author = {Peter McCullagh and John A. Nelder},
	title = {Generalized Linear Models},
	edition = {2nd},
	year = {1989},
	publisher = {Chapman \& Hall},
	address = {London},
	doi = {10.1007/978-1-4899-3242-6},
}

@Manual{R,
	title = {\proglang{R}: {A} Language and Environment for Statistical Computing},
	author = {{\proglang{R} Core Team}},
	organization = {\proglang{R} Foundation for Statistical Computing},
	address = {Vienna, Austria},
	year = {2017},
	url = {https://www.R-project.org/},
}

@Article{Stasinopoulos+Rigby:2007,
	author = {D. Mikis Stasinopoulos and Robert A. Rigby},
	title = {Generalized Additive Models for Location Scale and Shape ({GAMLSS}) in \proglang{R}},
	journal = {Journal of Statistical Software},
	year = {2007},
	volume = {23},
	number = {7},
	pages = {1--46},
	doi = {10.18637/jss.v023.i07},
}

@Book{Venables+Ripley:2002,
	author = {William N. Venables and Brian D. Ripley},
	title = {Modern Applied Statistics with \proglang{S}},
	edition = {4th},
	year = {2002},
	pages = {495},
	publisher = {Springer-Verlag},
	address = {New York},
	doi = {10.1007/978-0-387-21706-2},
}

@Book{Wood:2006,
	author = {Simon N. Wood},
	title = {Generalized Additive Models: An Introduction with \proglang{R}},
	year = {2006},
	publisher = {Chapman \& Hall/CRC},
	address = {Boca Raton},
}

@Article{Yee:2009,
	author = {Thomas W. Yee},
	title = {The \pkg{VGAM} Package for Categorical Data Analysis},
	journal = {Journal of Statistical Software},
	year = {2010},
	volume = {32},
	number = {10},
	pages = {1--34},
	doi = {10.18637/jss.v032.i10},
}

@Article{Zeileis+Kleiber+Jackman:2008,
	author = {Achim Zeileis and Christian Kleiber and Simon Jackman},
	title = {Regression Models for Count Data in \proglang{R}},
	journal = {Journal of Statistical Software},
	year = {2008},
	volume = {27},
	number = {8},
	pages = {1--25},
	doi = {10.18637/jss.v027.i08},
}
